<record><leader>00000cas a2200000 a 4500</leader><controlfield tag="001">36062431</controlfield><controlfield tag="008">961210d19231930alusr ne      0    0eng c</controlfield><datafield ind1=" " ind2=" " tag="010"><subfield code="a">sn 96027722 </subfield></datafield><datafield ind1=" " ind2=" " tag="040"><subfield code="a">FUG</subfield><subfield code="b">eng</subfield><subfield code="c">FUG</subfield><subfield code="d">OCLCQ</subfield><subfield code="d">OCLCF</subfield><subfield code="d">OCLCO</subfield></datafield><datafield ind1=" " ind2=" " tag="012"><subfield code="i">9612</subfield></datafield><datafield ind1="1" ind2=" " tag="029"><subfield code="a">AU@</subfield><subfield code="b">000012970986</subfield></datafield><datafield ind1=" " ind2=" " tag="042"><subfield code="a">pcc</subfield></datafield><datafield ind1=" " ind2=" " tag="043"><subfield code="a">n-us-al</subfield></datafield><datafield ind1="0" ind2=" " tag="130"><subfield code="a">Progressive farmer and farm woman (Birmingham, Ala.)</subfield></datafield><datafield ind1="1" ind2="4" tag="245"><subfield code="a">The progressive farmer and farm woman.</subfield></datafield><datafield ind1="3" ind2="0" tag="246"><subfield code="a">Progressive farmer</subfield></datafield><datafield ind1=" " ind2=" " tag="250"><subfield code="a">Georgia-Alabama ed.</subfield></datafield><datafield ind1=" " ind2=" " tag="260"><subfield code="a">Birmingham, Ala. :</subfield><subfield code="b">Progressive Farmer Co.,</subfield><subfield code="c">1923-1930.</subfield></datafield><datafield ind1=" " ind2=" " tag="300"><subfield code="a">8 v. :</subfield><subfield code="b">ill. ;</subfield><subfield code="c">39 cm.</subfield></datafield><datafield ind1=" " ind2=" " tag="310"><subfield code="a">Semimonthly,</subfield><subfield code="b">Aug. 23-30, 1930</subfield></datafield><datafield ind1=" " ind2=" " tag="321"><subfield code="a">Weekly,</subfield><subfield code="b">Jan. 13, 1923-Aug. 16, 1923</subfield></datafield><datafield ind1="0" ind2=" " tag="362"><subfield code="a">Vol. 38, no. 2 (Jan. 13, 1923)-v. 45, no. 34 (Aug. 23-30, 1930).</subfield></datafield><datafield ind1=" " ind2=" " tag="500"><subfield code="a">"The world's most largely circulated independent farm weekly."</subfield></datafield><datafield ind1=" " ind2=" " tag="500"><subfield code="a">"A farm and home weekly for Georgia, Alabama and Florida."</subfield></datafield><datafield ind1=" " ind2=" " tag="580"><subfield code="a">Other regional eds.: Progressive farmer and farm woman (Raleigh, N.C.), Progressive farmer and farm woman (Memphis, Tenn.), Progressive farmer and farm woman (Dallas, Tex.).</subfield></datafield><datafield ind1=" " ind2="0" tag="650"><subfield code="a">Agriculture</subfield><subfield code="z">Southern States</subfield><subfield code="v">Newspapers.</subfield></datafield><datafield ind1=" " ind2="0" tag="651"><subfield code="a">Birmingham (Ala.)</subfield><subfield code="v">Newspapers.</subfield></datafield><datafield ind1=" " ind2="0" tag="651"><subfield code="a">Jefferson County (Ala.)</subfield><subfield code="v">Newspapers.</subfield></datafield><datafield ind1=" " ind2="7" tag="655"><subfield code="a">Newspapers.</subfield><subfield code="2">fast</subfield><subfield code="0">(OCoLC)fst01423814</subfield></datafield><datafield ind1=" " ind2="7" tag="650"><subfield code="a">Agriculture.</subfield><subfield code="2">fast</subfield><subfield code="0">(OCoLC)fst00801355</subfield></datafield><datafield ind1=" " ind2="7" tag="651"><subfield code="a">Alabama</subfield><subfield code="z">Birmingham.</subfield><subfield code="2">fast</subfield><subfield code="0">(OCoLC)fst01204958</subfield></datafield><datafield ind1=" " ind2="7" tag="651"><subfield code="a">Alabama</subfield><subfield code="z">Jefferson County.</subfield><subfield code="2">fast</subfield><subfield code="0">(OCoLC)fst01205965</subfield></datafield><datafield ind1=" " ind2="7" tag="651"><subfield code="a">Southern States.</subfield><subfield code="2">fast</subfield><subfield code="0">(OCoLC)fst01244550</subfield></datafield><datafield ind1=" " ind2=" " tag="752"><subfield code="a">United States</subfield><subfield code="b">Alabama</subfield><subfield code="c">Jefferson</subfield><subfield code="d">Birmingham.</subfield></datafield><datafield ind1=" " ind2=" " tag="752"><subfield code="a">United States</subfield><subfield code="b">Georgia.</subfield></datafield><datafield ind1=" " ind2=" " tag="752"><subfield code="a">United States</subfield><subfield code="b">Florida.</subfield></datafield><datafield ind1="1" ind2=" " tag="776"><subfield code="t">Progressive farmer and farm woman (Raleigh, N.C.)</subfield><subfield code="w">(DLC)sn 92073055</subfield><subfield code="w">(OCoLC)25909977</subfield></datafield><datafield ind1="1" ind2=" " tag="776"><subfield code="t">Progressive farmer and farm woman (Memphis, Tenn.)</subfield></datafield><datafield ind1="1" ind2=" " tag="776"><subfield code="t">Progressive farmer and farm woman (Dallas, Tex.)</subfield></datafield><datafield ind1="0" ind2="0" tag="780"><subfield code="t">Progressive farmer (Birmingham, Ala. : 1920)</subfield><subfield code="w">(DLC)sn 96027721</subfield><subfield code="w">(OCoLC)36062430</subfield></datafield><datafield ind1="0" ind2="0" tag="785"><subfield code="t">Progressive farmer and southern ruralist (Birmingham, Ala.)</subfield></datafield><datafield ind1=" " ind2=" " tag="850"><subfield code="a">FU</subfield></datafield></record>